<?xml version="1.0" encoding="UTF-8" standalone="no"?>
<Document xmlns="urn:iso:std:iso:20022:tech:xsd:pain.008.001.02">
    <CstmrDrctDbtInitn>
        <GrpHdr>
            <MsgId>MSGID</MsgId>
            <CreDtTm>2016-11-25T11:20:57</CreDtTm>
            <NbOfTxs>5</NbOfTxs>
            <CtrlSum>30.00</CtrlSum>
            <InitgPty>
                <Nm>C.E.S. CUATROVIENTOS, I.T.C</Nm>
                <Id>
                    <OrgId>
                        <Othr>
                            <Id>CODE-WHO</Id>
                        </Othr>
                    </OrgId>
                </Id>
            </InitgPty>
        </GrpHdr>
        <PmtInf>
            <PmtInfId>ES68000CIF-ID</PmtInfId>
            <PmtMtd>DD</PmtMtd>
            <BtchBookg>true</BtchBookg>
            <PmtTpInf>
                <SvcLvl>
                    <Cd>SEPA</Cd>
                </SvcLvl>
                <LclInstrm>
                    <Cd>CORE</Cd>
                </LclInstrm>
                <SeqTp>RCUR</SeqTp>
            </PmtTpInf>
            <ReqdColltnDt>2016-09-16</ReqdColltnDt>
            <Cdtr>
                <Nm>WHO</Nm>
                <PstlAdr>
                    <Ctry>ES</Ctry>
                </PstlAdr>
            </Cdtr>
            <CdtrAcct>
                <Id>
                    <IBAN>IBAN-WHO</IBAN>
                </Id>
                <Ccy>EUR</Ccy>
            </CdtrAcct>
            <CdtrAgt>
                <FinInstnId>
                    <BIC>BIC-WHO</BIC>
                </FinInstnId>
            </CdtrAgt>
            <ChrgBr>SLEV</ChrgBr>
            <CdtrSchmeId>
                <Id>
                    <PrvtId>
                        <Othr>
                            <Id>CODE-WHO</Id>
                            <SchmeNm>
                                <Prtry>SEPA</Prtry>
                            </SchmeNm>
                        </Othr>
                    </PrvtId>
                </Id>
            </CdtrSchmeId>
            <DrctDbtTxInf>
                <PmtId>
                    <InstrId>20161125105600-0001</InstrId>
                    <EndToEndId>41</EndToEndId>
                </PmtId>
                <InstdAmt Ccy="EUR">6.00</InstdAmt>
                <DrctDbtTx>
                    <MndtRltdInf>
                        <MndtId>41</MndtId>
                        <DtOfSgntr>2016-09-09</DtOfSgntr>
                        <AmdmntInd>false</AmdmntInd>
                    </MndtRltdInf>
                </DrctDbtTx>
                <DbtrAgt>
                    <FinInstnId>
                        <Othr>
                            <Id>NOTPROVIDED</Id>
                        </Othr>
                    </FinInstnId>
                </DbtrAgt>
                <Dbtr>
                    <Nm>PERSON1</Nm>
                </Dbtr>
                <DbtrAcct>
                    <Id>
                        <IBAN>IBAN-PERSON1</IBAN>
                    </Id>
                </DbtrAcct>
                <RmtInf>
                    <Ustrd>INF</Ustrd>
                </RmtInf>
            </DrctDbtTxInf>
            <DrctDbtTxInf>
                <PmtId>
                    <InstrId>DATE-COUNTER</InstrId>
                    <EndToEndId>38</EndToEndId>
                </PmtId>
                <InstdAmt Ccy="EUR">6.00</InstdAmt>
                <DrctDbtTx>
                    <MndtRltdInf>
                        <MndtId>38</MndtId>
                        <DtOfSgntr>2016-09-09</DtOfSgntr>
                        <AmdmntInd>false</AmdmntInd>
                    </MndtRltdInf>
                </DrctDbtTx>
                <DbtrAgt>
                    <FinInstnId>
                        <Othr>
                            <Id>NOTPROVIDED</Id>
                        </Othr>
                    </FinInstnId>
                </DbtrAgt>
                <Dbtr>
                    <Nm>PERSON2</Nm>
                </Dbtr>
                <DbtrAcct>
                    <Id>
                        <IBAN>IBAN-PERSON2</IBAN>
                    </Id>
                </DbtrAcct>
                <RmtInf>
                    <Ustrd>INF</Ustrd>
                </RmtInf>
            </DrctDbtTxInf>
            <DrctDbtTxInf>
                <PmtId>
                    <InstrId>DATE-COUNTER</InstrId>
                    <EndToEndId>38</EndToEndId>
                </PmtId>
                <InstdAmt Ccy="EUR">6.00</InstdAmt>
                <DrctDbtTx>
                    <MndtRltdInf>
                        <MndtId>38</MndtId>
                        <DtOfSgntr>2016-09-09</DtOfSgntr>
                        <AmdmntInd>false</AmdmntInd>
                    </MndtRltdInf>
                </DrctDbtTx>
                <DbtrAgt>
                    <FinInstnId>
                        <Othr>
                            <Id>NOTPROVIDED</Id>
                        </Othr>
                    </FinInstnId>
                </DbtrAgt>
                <Dbtr>
                    <Nm>PERSON2</Nm>
                </Dbtr>
                <DbtrAcct>
                    <Id>
                        <IBAN>IBAN-PERSON2</IBAN>
                    </Id>
                </DbtrAcct>
                <RmtInf>
                    <Ustrd>INF</Ustrd>
                </RmtInf>
            </DrctDbtTxInf>
            <DrctDbtTxInf>
                <PmtId>
                    <InstrId>DATE-COUNTER</InstrId>
                    <EndToEndId>38</EndToEndId>
                </PmtId>
                <InstdAmt Ccy="EUR">6.00</InstdAmt>
                <DrctDbtTx>
                    <MndtRltdInf>
                        <MndtId>38</MndtId>
                        <DtOfSgntr>2016-09-09</DtOfSgntr>
                        <AmdmntInd>false</AmdmntInd>
                    </MndtRltdInf>
                </DrctDbtTx>
                <DbtrAgt>
                    <FinInstnId>
                        <Othr>
                            <Id>NOTPROVIDED</Id>
                        </Othr>
                    </FinInstnId>
                </DbtrAgt>
                <Dbtr>
                    <Nm>PERSON4</Nm>
                </Dbtr>
                <DbtrAcct>
                    <Id>
                        <IBAN>IBAN-PERSON4</IBAN>
                    </Id>
                </DbtrAcct>
                <RmtInf>
                    <Ustrd>INF</Ustrd>
                </RmtInf>
            </DrctDbtTxInf>
            <DrctDbtTxInf>
                <PmtId>
                    <InstrId>DATE-COUNTER</InstrId>
                    <EndToEndId>38</EndToEndId>
                </PmtId>
                <InstdAmt Ccy="EUR">6.00</InstdAmt>
                <DrctDbtTx>
                    <MndtRltdInf>
                        <MndtId>38</MndtId>
                        <DtOfSgntr>2016-09-09</DtOfSgntr>
                        <AmdmntInd>false</AmdmntInd>
                    </MndtRltdInf>
                </DrctDbtTx>
                <DbtrAgt>
                    <FinInstnId>
                        <Othr>
                            <Id>NOTPROVIDED</Id>
                        </Othr>
                    </FinInstnId>
                </DbtrAgt>
                <Dbtr>
                    <Nm>PERSON5</Nm>
                </Dbtr>
                <DbtrAcct>
                    <Id>
                        <IBAN>IBAN-PERSON5</IBAN>
                    </Id>
                </DbtrAcct>
                <RmtInf>
                    <Ustrd>INF</Ustrd>
                </RmtInf>
            </DrctDbtTxInf>
        </PmtInf>
    </CstmrDrctDbtInitn>
</Document>
        <!-- FASTWEB V.03.09.00-->